@techreport{cheating,
 author = {Hutchens, Jason},
 title = {How to Pass the Turing Test by Cheating},
 month = dec,
 year = {1997},
 source = {http://www.ncstrl.org:8900/ncstrl/servlet/search?formname=detail\&id=oai%3Ancstrlh%3Auwa_ee%3Ancstrl.uwa_ee%2F%2FTR97-05},
 publisher = {University of Western Australia},
}

@article{eliza,
 author = {Weizenbaum, Joseph},
 title = {ELIZA - A Computer Program for the Study of Natural Language Communication Between Man and Machine},
 journal = {Commun. ACM},
 issue_date = {Jan. 1966},
 volume = {9},
 number = {1},
 month = jan,
 year = {1966},
 issn = {0001-0782},
 pages = {36--45},
 numpages = {10},
 url = {http://doi.acm.org/10.1145/365153.365168},
 doi = {10.1145/365153.365168},
 acmid = {365168},
 publisher = {ACM},
 address = {New York, NY, USA},
}

@book{nltk,
 author = {Bird, Steven and Klein, Ewan and Loper, Edward},
 title = {Natural Language Processing with Python},
 year = {2009},
 isbn = {0596516495, 9780596516499},
 edition = {1st},
 publisher = {O'Reilly Media, Inc.},
}

@article{lev-bad,
 author = {Greenhill, Simon J.},
 title = {Levenshtein Distances Fail to Identify Language Relationships Accurately},
 journal = {Comput. Linguist.},
 issue_date = {December 2011},
 volume = {37},
 number = {4},
 month = dec,
 year = {2011},
 issn = {0891-2017},
 pages = {689--698},
 numpages = {10},
 url = {http://dx.doi.org/10.1162/COLI_a_00073},
 doi = {10.1162/COLI_a_00073},
 acmid = {2077695},
 publisher = {MIT Press},
 address = {Cambridge, MA, USA},
}

@article{levenshtein,
 author = {Gilleland, Michael},
 title = {Levenshtein Distance, in Three Flavors},
 year = {2009},
 publisher = {Merriam Park Software},
 source = {http://people.cs.pitt.edu/~kirk/cs1501/Pruhs/Spring2006/assignments/editdistance/Levenshtein%20Distance.htm},

}

@book{irbook,
 author = {Manning, Christopher D. and Raghavan, Prabhakar and Sch\"{u}tze, Hinrich},
 title = {Introduction to Information Retrieval},
 year = {2008},
 isbn = {0521865719, 9780521865715},
 publisher = {Cambridge University Press},
 address = {New York, NY, USA},
}
  

@book{norvig,
 author = {Russell, Stuart J. and Norvig, Peter},
 title = {Artificial Intelligence: A Modern Approach},
 year = {2003},
 isbn = {0137903952},
 edition = {2},
 publisher = {Pearson Education},
} 
